@ARTICLE{ZOLLER2003,
	AUTHOR ="D. Jaksch and P. Zoller",
	TITLE = "Creation of effective magnetic fields in optical lattices: The Hofsatadter buttefly for cold neutal atoms",
	JOURNAL = "New Journal of Physics",
	Volume = "5",
	YEAR =2003
}

@ARTICLE{SPIELMAN2009,
	AUTHOR = "I. B. Spielman",
	TITLE = "Raman processes and effective gauge potentials",
	JOURNAL = "Physical Review A",
	Volume = "79",
	ISSUE = "6",
	YEAR = "2009"
}

@ARTICLE{STREDA1982,
	AUTHOR = "P> St\u{r}eda",
	TITLE ="Theory of quantised Hall conductivity in two dimensions",
	JOURNAL = "Journal of Physics C: Solid State Physics",
	VOLUME="15",
	ISSUE = "22",
	YEAR = "1982"
}

@ARTICLE{THOULESS1982,
	AUTHOR = "D. J. Thouless and M. Kohmoto and M. P. Nightingale and D. den Nijs",
	TITLE = "Quantized Hall Conductance in a Two-Dimensional Periodic Potential",
	JOURNAL = " Physical Review Letters",
	VOLUME = "49",
	NUMBER = "6",
	YEAR = "1982"
}

@ARTICLE{2STREDA1982,
	AUTHOR = "P> St\u{r}eda",
	TITLE ="Quantised Hall effect in a two-dimensional periodic potential",
	JOURNAL = "Journal of Physics C: Solid State Physics",
	VOLUME="15",
	ISSUE = "36",
	YEAR = "1982"
}

@ARTICLE{LAUGHLIN1981,
	AUTHOR = " R. B. Laughlin",
	TITLE = "Quantized Hall conductivity in two dimensions",
	JOURNAL = "Physical Review B",
	VOLUME = "23",
	NUMBER = "10",
	YEAR = "1981"
}
